<record><leader>00000cas a2200000 a 4500</leader><controlfield tag="001">11955343</controlfield><controlfield tag="008">850424d186u186uohudn ne      0    0eng c</controlfield><datafield ind1=" " ind2=" " tag="010"><subfield code="a">sn 85025852 </subfield></datafield><datafield ind1=" " ind2=" " tag="040"><subfield code="a">NPX</subfield><subfield code="b">eng</subfield><subfield code="c">NPX</subfield><subfield code="d">DLC</subfield><subfield code="d">NPT</subfield><subfield code="d">ONP</subfield><subfield code="d">NPH</subfield><subfield code="d">ONP</subfield><subfield code="d">NVF</subfield><subfield code="d">OCL</subfield><subfield code="d">DLC</subfield><subfield code="d">CUI</subfield><subfield code="d">DLC</subfield><subfield code="d">OCLCQ</subfield><subfield code="d">OCLCA</subfield><subfield code="d">OCLCF</subfield></datafield><datafield ind1="1" ind2=" " tag="029"><subfield code="a">AU@</subfield><subfield code="b">000020233562</subfield></datafield><datafield ind1=" " ind2=" " tag="042"><subfield code="a">pcc</subfield></datafield><datafield ind1=" " ind2=" " tag="043"><subfield code="a">n-us-oh</subfield></datafield><datafield ind1="0" ind2="0" tag="050"><subfield code="a">Newspaper</subfield></datafield><datafield ind1=" " ind2="4" tag="050"><subfield code="a">AN</subfield></datafield><datafield ind1="0" ind2="4" tag="245"><subfield code="a">The Morning Cleveland herald.</subfield></datafield><datafield ind1="1" ind2="7" tag="246"><subfield code="a">Cleveland herald</subfield><subfield code="f">&lt;Jan. 1-July 7, 1866&gt;</subfield></datafield><datafield ind1=" " ind2=" " tag="260"><subfield code="a">Cleveland, Ohio :</subfield><subfield code="b">Fairbanks, Benedict &amp; Co.</subfield></datafield><datafield ind1=" " ind2=" " tag="300"><subfield code="a">v.</subfield></datafield><datafield ind1=" " ind2=" " tag="310"><subfield code="a">Daily (except Sunday)</subfield></datafield><datafield ind1=" " ind2=" " tag="580"><subfield code="a">Daily evening ed.: Daily Cleveland herald (Cleveland, Ohio : 1853), &lt;1864-1868&gt;.</subfield></datafield><datafield ind1=" " ind2=" " tag="580"><subfield code="a">Weekly eds.: Cleveland herald (Cleveland, Ohio : 1843 : Weekly), &lt;1864&gt;-1868, and: Cleveland weekly herald (Cleveland, Ohio), 1868-&lt;&gt;.</subfield></datafield><datafield ind1=" " ind2=" " tag="580"><subfield code="a">Triweekly ed.: Tri-weekly Cleveland herald, &lt;1864-1868&gt;.</subfield></datafield><datafield ind1=" " ind2=" " tag="588"><subfield code="a">Description based on: Vol. 30, no. 218 (Sept. 2, 1864).</subfield></datafield><datafield ind1=" " ind2=" " tag="588"><subfield code="a">Latest issue consulted: Vol. 33, no. 281 (Nov. 22, 1867).</subfield></datafield><datafield ind1=" " ind2="0" tag="651"><subfield code="a">Cleveland (Ohio)</subfield><subfield code="v">Newspapers.</subfield></datafield><datafield ind1=" " ind2="0" tag="651"><subfield code="a">Cuyahoga County (Ohio)</subfield><subfield code="v">Newspapers.</subfield></datafield><datafield ind1=" " ind2="7" tag="655"><subfield code="a">Newspapers.</subfield><subfield code="2">fast</subfield><subfield code="0">(OCoLC)fst01423814</subfield></datafield><datafield ind1=" " ind2="7" tag="651"><subfield code="a">Ohio</subfield><subfield code="z">Cleveland.</subfield><subfield code="2">fast</subfield><subfield code="0">(OCoLC)fst01205966</subfield></datafield><datafield ind1=" " ind2="7" tag="651"><subfield code="a">Ohio</subfield><subfield code="z">Cuyahoga County.</subfield><subfield code="2">fast</subfield><subfield code="0">(OCoLC)fst01202752</subfield></datafield><datafield ind1=" " ind2=" " tag="752"><subfield code="a">United States</subfield><subfield code="b">Ohio</subfield><subfield code="c">Cuyahoga</subfield><subfield code="d">Cleveland.</subfield></datafield><datafield ind1="1" ind2=" " tag="775"><subfield code="t">Daily Cleveland herald (Cleveland, Ohio : 1853)</subfield><subfield code="w">(DLC)sn 83035152</subfield><subfield code="w">(OCoLC)9647644</subfield></datafield><datafield ind1="1" ind2=" " tag="775"><subfield code="t">Cleveland herald (Cleveland, Ohio : 1843 : Weekly)</subfield><subfield code="w">(DLC)sn 83035161</subfield><subfield code="w">(OCoLC)9647585</subfield></datafield><datafield ind1="1" ind2=" " tag="775"><subfield code="t">Cleveland weekly herald (Cleveland, Ohio)</subfield><subfield code="w">(DLC)sn 83035162</subfield><subfield code="w">(OCoLC)9647592</subfield></datafield><datafield ind1="1" ind2=" " tag="775"><subfield code="t">Tri-weekly Cleveland herald</subfield><subfield code="w">(DLC)sn 83035164</subfield><subfield code="w">(OCoLC)9647599</subfield></datafield><datafield ind1="0" ind2="0" tag="780"><subfield code="t">Daily morning Cleveland herald</subfield><subfield code="w">(DLC)sn 84028779</subfield><subfield code="w">(OCoLC)11407596</subfield></datafield><datafield ind1="0" ind2="0" tag="785"><subfield code="t">Cleveland morning herald</subfield><subfield code="w">(DLC)sn 84028780</subfield><subfield code="w">(OCoLC)11407631</subfield></datafield></record>